<?xml version="1.0" encoding="UTF-8"?><collection xmlns="http://www.loc.gov/MARC21/slim"><record><leader>00396nam--2200121-i-4500</leader><controlfield tag="001">000041511</controlfield><controlfield tag="002">20161230</controlfield><controlfield tag="005">20161230201043</controlfield><controlfield tag="008">060222s1000------------r-----000-0-eng-d</controlfield><datafield ind1=" " ind2=" " tag="080"><subfield code="a">547:543.061</subfield></datafield><datafield ind1=" " ind2=" " tag="245"><subfield code="a">The systtematic identification of organic compounds</subfield></datafield><datafield ind1=" " ind2=" " tag="260"><subfield code="a">New York, John Wiley &amp; Sons, 1980. Xviii + 604 P</subfield></datafield><datafield ind1=" " ind2=" " tag="700"><subfield code="a">Ralph L.Shrier, David Y.Curtin, Reynold C.Fuson And Terence C.Morrill</subfield></datafield></record></collection>